@article{kotla2007zyzzyva,
  title={Zyzzyva: speculative byzantine fault tolerance},
  author={Kotla, Ramakrishna and Alvisi, Lorenzo and Dahlin, Mike and Clement, Allen and Wong, Edmund},
  journal={ACM SIGOPS Operating Systems Review},
  volume={41},
  number={6},
  pages={45--58},
  year={2007},
  publisher={ACM New York, NY, USA}
}